<record><leader>00000cas a2200000 a 4500</leader><controlfield tag="001">24821639</controlfield><controlfield tag="008">911120c19919999paudr ne      0   a0eng d</controlfield><datafield ind1=" " ind2=" " tag="010"><subfield code="a">sn 92003993 </subfield></datafield><datafield ind1=" " ind2=" " tag="040"><subfield code="a">PBB</subfield><subfield code="b">eng</subfield><subfield code="c">PBB</subfield><subfield code="d">NSD</subfield><subfield code="d">OCLCQ</subfield><subfield code="d">UPM</subfield><subfield code="d">OCLCF</subfield></datafield><datafield ind1=" " ind2=" " tag="012"><subfield code="m">1</subfield></datafield><datafield ind1="1" ind2=" " tag="022"><subfield code="a">1062-3620</subfield><subfield code="l">1062-3620</subfield><subfield code="2">1</subfield></datafield><datafield ind1="1" ind2=" " tag="029"><subfield code="a">AU@</subfield><subfield code="b">000025850852</subfield></datafield><datafield ind1=" " ind2=" " tag="032"><subfield code="a">166300</subfield><subfield code="b">USPS</subfield></datafield><datafield ind1=" " ind2=" " tag="037"><subfield code="b">The Express-Times, 30 N. Fourth St., Easton, PA 18044-0391</subfield></datafield><datafield ind1=" " ind2=" " tag="042"><subfield code="a">nsdp</subfield><subfield code="a">msc</subfield></datafield><datafield ind1=" " ind2="4" tag="222"><subfield code="a">The Express-times</subfield></datafield><datafield ind1="0" ind2="4" tag="245"><subfield code="a">The Express-times.</subfield></datafield><datafield ind1=" " ind2=" " tag="260"><subfield code="a">Easton, Pa. :</subfield><subfield code="b">Express-Times</subfield></datafield><datafield ind1=" " ind2=" " tag="300"><subfield code="a">v.</subfield></datafield><datafield ind1=" " ind2=" " tag="310"><subfield code="a">Daily</subfield></datafield><datafield ind1="1" ind2=" " tag="362"><subfield code="a">Began with Nov. 5, 1991 issue.</subfield></datafield><datafield ind1=" " ind2=" " tag="580"><subfield code="a">Merger of: Globe-times (Bethlehem, Pa.), and: Express (Easton, Pa.).</subfield></datafield><datafield ind1=" " ind2=" " tag="588"><subfield code="a">Description based on: Nov. 8, 1991; title from caption.</subfield></datafield><datafield ind1=" " ind2="0" tag="651"><subfield code="a">Easton (Northampton County, Pa.)</subfield><subfield code="v">Newspapers.</subfield></datafield><datafield ind1=" " ind2="7" tag="655"><subfield code="a">Newspapers.</subfield><subfield code="2">fast</subfield><subfield code="0">(OCoLC)fst01423814</subfield></datafield><datafield ind1=" " ind2="7" tag="651"><subfield code="a">Pennsylvania</subfield><subfield code="z">Easton (Northampton County)</subfield><subfield code="2">fast</subfield><subfield code="0">(OCoLC)fst01758552</subfield></datafield><datafield ind1=" " ind2=" " tag="752"><subfield code="a">United States</subfield><subfield code="b">Pennsylvania</subfield><subfield code="c">Northampton</subfield><subfield code="d">Easton.</subfield></datafield><datafield ind1=" " ind2=" " tag="752"><subfield code="a">United States</subfield><subfield code="b">New Jersey</subfield><subfield code="c">Warren</subfield><subfield code="d">Phillipsburg.</subfield></datafield><datafield ind1=" " ind2=" " tag="752"><subfield code="a">United States</subfield><subfield code="b">New Jersey</subfield><subfield code="c">Hunterdon.</subfield></datafield><datafield ind1="1" ind2="4" tag="780"><subfield code="t">Globe-times (Bethlehem, Pa.)</subfield><subfield code="w">(DLC)sn 87080314</subfield><subfield code="w">(OCoLC)14638795</subfield></datafield><datafield ind1="1" ind2="4" tag="780"><subfield code="t">Express (Easton, Pa.)</subfield><subfield code="w">(DLC)sn 86071373</subfield><subfield code="w">(OCoLC)13486115</subfield></datafield></record>